% !Mode:: "TeX:UTF-8"

@onlynote{1,
	note = "薛良金.毫米波工程基础[M].北京:国防工业出版社，1998，5-8",
}

@onlynote{2, 
note = "刘成帅.Ka波段宽带功率合成放大器的研究[D].成都：电子科技大学，2014",
}

@onlynote{3, 
	note = "薛良金.毫米波工程.哈尔滨：哈尔滨工业大学出版社，2004，3-12",
}

@onlynote{4,
	note = "邹涌泉，甘体国.Ka波段低噪声放大器的研制.电讯技术.2001(1): 29~30   ",
}
@onlynote{5,
	note = "王闯，钱蓉，孙晓玮.毫米波单片集成低噪声放大器电路.高技术通讯.2007年1月第17卷 第1期",
}
@onlynote{6,
	note = "ColinS. Whelan,  PhilF.Marsh, WilliamE. Hoke, etal, Millimeter-Wave Low-Noise and High Power Metamorphic HEMT Amplifiers and Devices on GaAs Substrates. IEEE Journal of Solid-State Circuits, SeP. 2000, Vo1.35, No.9: 1307~1311",
}
@onlynote{7,
	note = "Jonathan B Hacker, Joshua Bergman，etal. An ultra-low Power InAs/AISb HEMT Ka-band low-noise amplifier. IEEE Microwave and Wireless Components Letters，Vo1.14，No.4，April 2004
}
@onlynote{8,
	note = "Paul J.Riemer，Benjamin R.Buhrow，etal. Ka-Band(35 GHz)3-Stage Site HBT Low Noise Amplifier. 2005 IEEE: 1037~1040",
}
@onlynote{9,
	note = "陈邦媛.射频通信电路[M]：北京:科学出版社，2006，162-163",
}
@onlynote{10,
	note = "张冬雪.L波段低噪声放大器的研究[D].重庆：重庆大学，2008",
}
@onlynote{11,
	note = "K. Shirakawa，S. Ishibashi，Y. Kobayashi，F. Takeda.A New Planar Inductor with Ring-Connected Magnetic Core[J].IEEETrans.Magnetics.1990，26(5):2268-2270.",
}
@onlynote{12,
	note = "严兰芳.C波段LNA的设计[D].成都：电子科技大学，2010",
}
@onlynote{13,
	note = "Beom Kyu Ko. A New Simultaneous Noise and Input Power Matching Technique for Monolithic LNA's Using Cascode Feedback. IEEE Transactions on Microwave Theory and Techniques [J].Vol.45.No.9.Sept. 1997.P1627~1630.",
}
@onlynote{14,
	note = "顾继慧.微波技术.北京:科学出版社，2008",
}
@onlynote{15,
	note = "徐玺年.毫米波超低噪声放大器的研究与设计[D].成都：电子科技大学，2013",
}
