% !Mode:: "TeX:UTF-8"

@ARTICLE{Yee, 
	author={Kane Yee}, 
	journal={IEEE Transactions on Antennas and Propagation}, 
	title={Numerical solution of initial boundary value problems involving maxwell's equations in isotropic media}, 
	year={1966}, 
	volume={14}, 
	number={3}, 
	pages={302-307}, 
	keywords={EMP radiation effects.;Magnetic scattering by absorbing media;Boundary conditions;Boundary value problems;Conductors;Difference equations;Differential equations;EMP radiation effects;Electromagnetic scattering;Finite difference methods;Maxwell equations;Partial differential equations}, 
	doi={10.1109/TAP.1966.1138693}, 
	ISSN={0018-926X}, 
	month={May},}

@ARTICLE{taylor, 
	author={C. Taylor and Dong-Hoa Lam and T. Shumpert}, 
	journal={IEEE Transactions on Antennas and Propagation}, 
	title={Electromagnetic pulse scattering in time-varying inhomogeneous media}, 
	year={1969}, 
	volume={17}, 
	number={5}, 
	pages={585-589}, 
	keywords={Electromagnetic scattering by time-varying media;Electromagnetic transient scattering;Transient electromagnetic scattering;Atmospheric waves;Difference equations;Electromagnetic scattering;Electromagnetic transients;Electromagnetic waveguides;Explosions;Finite difference methods;Maxwell equations;Nonhomogeneous media;Waveguide components}, 
	doi={10.1109/TAP.1969.1139523}, 
	ISSN={0018-926X}, 
	month={Sep},}

@article{mur1981absorbing,
	title={Absorbing boundary conditions for the finite-difference approximation of the time-domain electromagnetic-field equations},
	author={Mur, Gerrit},
	journal={Electromagnetic Compatibility, IEEE Transactions on},
	number={4},
	pages={377--382},
	year={1981},
	publisher={IEEE}
}

@ARTICLE{tez, 
	author={M. R. Zunoubi and J. Payne and W. P. Roach}, 
	journal={IEEE Antennas and Wireless Propagation Letters}, 
	title={CUDA Implementation of  TE$^z$-FDTD Solution of Maxwell's Equations in Dispersive Media}, 
	year={2010}, 
	volume={9}, 
	pages={756-759}, 
	keywords={Maxwell equations;convolutional codes;coprocessors;dispersive media;finite difference time-domain analysis;piecewise linear techniques;2D electromagnetic fields;CUDA implementation;Maxwell equations;TEz-FDTD solution;compute unified device architecture technology;convolutional perfectly matched layer;dispersive media;finite-difference time domain method;graphic processor unit;piecewise-linear recursive-convolution;Convolutional perfectly matched layer (CPML);dispersive;finite-difference time domain (FDTD);graphic processor unit (GPU)}, 
	doi={10.1109/LAWP.2010.2060181}, 
	ISSN={1536-1225}, 
	month={},}

@conference{decomposition, 
	author={M. Livesey and J. F. Stack and F. Costen and T. Nanri and S. Fujino and N. Nakashima}, 
	booktitle={Microwave Conference (EuMC), 2012 42nd European}, 
	title={An alternative domain decomposition technique for CUDA-based 3D FDTD methods}, 
	year={2012}, 
	pages={795-798}, 
	keywords={finite difference time-domain analysis;general purpose computers;graphics processing units;parallel architectures;CUDA-based 3D FDTD methods;Fermi architecture GPU;Tesla architecture GPU;alternative domain decomposition technique;general purpose computing;Bandwidth;Computer architecture;Finite difference methods;Graphics processing units;Instruction sets;Kernel;Time domain analysis;Computational electromagnetics;Electromagnetic fields;Electromagnetic modeling;FDTD;Finite difference methods;GPU;Numerical simulation}, 
	month={Oct},}

@article{berenger1994perfectly,
	title={A perfectly matched layer for the absorption of electromagnetic waves},
	author={Berenger, Jean-Pierre},
	journal={Journal of computational physics},
	volume={114},
	number={2},
	pages={185--200},
	year={1994},
	publisher={Elsevier}
}

@ARTICLE{sacks, 
	author={Z. S. Sacks and D. M. Kingsland and R. Lee and Jin-Fa Lee}, 
	journal={IEEE Transactions on Antennas and Propagation}, 
	title={A perfectly matched anisotropic absorber for use as an absorbing boundary condition}, 
	year={1995}, 
	volume={43}, 
	number={12}, 
	pages={1460-1463}, 
	keywords={electromagnetic wave absorption;electromagnetic wave reflection;electromagnetic wave scattering;finite difference time-domain analysis;mesh generation;FDTD analysis;absorbing boundary condition;angles of incidence;anisotropic material properties;codes;computation domain;diagonally anisotropic material;free space;frequencies;mesh truncation scheme;outgoing waves;perfectly matched anisotropic absorber;polarizations;Anisotropic magnetoresistance;Antennas and propagation;Art;Boundary conditions;Calculus;Computer graphics;Coordinate measuring machines;Radar antennas;Radar cross section;Radar scattering}, 
	doi={10.1109/8.477075}, 
	ISSN={0018-926X}, 
	month={Dec},}

@ARTICLE{gedney, 
	author={S. D. Gedney}, 
	journal={IEEE Transactions on Antennas and Propagation}, 
	title={An anisotropic perfectly matched layer-absorbing medium for the truncation of FDTD lattices}, 
	year={1996}, 
	volume={44}, 
	number={12}, 
	pages={1630-1639}, 
	keywords={Maxwell equations;electromagnetic wave absorption;electromagnetic wave polarisation;electromagnetic wave propagation;finite difference time-domain analysis;EM wave polarisation;EM wave propagation;FDTD lattices truncation;Maxwellian formulation;absorbing material;anisotropic perfectly matched layer absorbing medium;computationally efficient method;finite-difference time-domain;perfectly matched layer method;uniaxial anisotropic material;Anisotropic magnetoresistance;Dispersion;Finite difference methods;Lattices;Maxwell equations;Permittivity;Polarization;Reflection;Tellurium;Time domain analysis}, 
	doi={10.1109/8.546249}, 
	ISSN={0018-926X}, 
	month={Dec},}

@ARTICLE{Chew,
	author = {Weng Cho Chew and William H. Weedon},
	title = {A 3-D Perfectly Matched Medium from Modified Maxwell's Equations with Stretched Coordinates},
	journal = {Microwave Opt. Tech. Lett},
	year = {1994},
	volume = {7},
	pages = {599--604}
}

@conference{LZhangandWYu, 
	author={L. Zhang and W. Yu}, 
	booktitle={2011 Fourth International Symposium on Parallel Architectures, Algorithms and Programming}, 
	title={Improving Parallel FDTD Method Performance Using SSE Instructions}, 
	year={2011}, 
	pages={57-59}, 
	keywords={electromagnetism;electronic engineering computing;finite difference time-domain analysis;instruction sets;parallel processing;3D parallel FDTD method performance improvement;SSE instruction set;electromagnetism simulation;finite difference time domain;implementation-level optimization;Acceleration;Computational modeling;Educational institutions;Finite difference methods;Mathematical model;Three dimensional displays;Time domain analysis;FDTD;SSE;parallel}, 
	doi={10.1109/PAAP.2011.16}, 
	ISSN={2168-3034}, 
	month={Dec},}

@book{Doubleprecision, 
	author={M. Livesey and F. Costen and X. Yang}, 
	booktitle={Proceedings of the 2012 IEEE International Symposium on Antennas and Propagation}, 
	title={Double precision performance of streaming SIMD extensions instructions for the FDTD computation}, 
	year={2012}, 
	pages={1-2}, 
	keywords={finite difference time-domain analysis;parallel processing;FDTD computation;SSE;parallel execution capability;streaming SIMD extension instructions;vector arithmetic logic units;Computer architecture;Educational institutions;Finite difference methods;Hardware;Program processors;Standards;Time domain analysis}, 
	doi={10.1109/APS.2012.6348986}, 
	ISSN={1522-3965}, 
	month={July},}



@conference{Krakiwsky, 
	author={S. E. Krakiwsky and L. E. Turner and M. M. Okoniewski}, 
	booktitle={Circuits and Systems, 2004. ISCAS '04. Proceedings of the 2004 International Symposium on}, 
	title={Graphics processor unit (GPU) acceleration of finite-difference time-domain (FDTD) algorithm}, 
	year={2004}, 
	volume={5}, 
	pages={V-265-V-268 Vol.5}, 
	keywords={computational electromagnetics;electromagnetic wave scattering;finite difference time-domain analysis;object-oriented languages;2D electromagnetic scattering problem;C++;FDTD simulations;OpenGL extensions;RF engineering;central processing unit;finite-difference time-domain algorithm;graphics processor unit;microwave engineering;optics;supercomputers;Acceleration;Central Processing Unit;Computational modeling;Finite difference methods;Graphics;Hardware;Optical scattering;Radio frequency;Supercomputers;Time domain analysis}, 
	doi={10.1109/ISCAS.2004.1329513}, 
	month={May},}

@article {Roden,
	author = {Roden, J. Alan and Gedney, Stephen D.},
	title = {Convolution PML (CPML): An efficient FDTD implementation of the CFSâ€“PML for arbitrary media},
	journal = {Microwave and Optical Technology Letters},
	volume = {27},
	number = {5},
	publisher = {John Wiley & Sons, Inc.},
	issn = {1098-2760},
	url = {http://dx.doi.org/10.1002/1098-2760(20001205)27:5<334::AID-MOP14>3.0.CO;2-A},
	doi = {10.1002/1098-2760(20001205)27:5<334::AID-MOP14>3.0.CO;2-A},
	pages = {334--339},
	keywords = {finite-difference time domain (FDTD), perfectly matched layer (PML), stretched coordinates},
	year = {2000},
}

@book{Demir, 
	author={V. Demir}, 
	booktitle={Applied Computational Electromagnetics (ACES), 2015 31st International Review of Progress in}, 
	title={A simple GPU implementation of FDTD/PBC algorithm}, 
	year={2015}, 
	pages={1-2}, 
	keywords={finite difference time-domain analysis;graphics processing units;parallel architectures;periodic structures;CUDA;FDTD-PBC algorithm;GPU devices;PBC;compute unified device architecture;constant horizontal wavenumber approach;finite-difference time-domain method;graphics processor unit devices;periodic boundary conditions;periodic structures;simple-GPU implementation;Computational modeling;Computer architecture;Finite difference methods;Graphics processing units;Microprocessors;Periodic structures;Time-domain analysis;Finite-difference time-domain (FDTD) method;graphics processor unit (GPU);periodic boundary conditions (PBC)}, 
	month={March},}

@book{AdvancedFDTDMethod,
	author = {Wenhua Yu, Xiaoling Yang, Yongjun Liu, Raj Mittra, Akira
	Muto},
	title = {Advanced FDTD Method},
	chapter = {2},
	page = {25-34},
	publisher = {ARTECH HOUSE},
	year = {2011},
}

@ARTICLE{mpi1, 
	author={C. Guiffaut and K. Mahdjoubi}, 
	journal={IEEE Antennas and Propagation Magazine}, 
	title={A parallel FDTD algorithm using the MPI library}, 
	year={2001}, 
	volume={43}, 
	number={2}, 
	pages={94-103}, 
	keywords={Maxwell equations;electrical engineering computing;finite difference time-domain analysis;message passing;parallel algorithms;MPI Cartesian 2D topology;MPI library;Maxwell equations;auxiliary tools;computational electromagnetics;computer programming;data types;far-field computation;field components;inter-process communications;message passing interface;parallel FDTD algorithm;perfectly matched layers;thin-wire treatment;Acceleration;Concurrent computing;Finite difference methods;Libraries;Maxwell equations;Parallel algorithms;Parallel processing;Radar antennas;Time domain analysis;Topology}, 
	doi={10.1109/74.924608}, 
	ISSN={1045-9243}, 
	month={Apr},}

@conference{mpi2, 
	author={L. X. Guo and J. Li and H. Zeng}, 
	booktitle={Microwave Technology and Computational Electromagnetics, 2009. ICMTCE. International Conference on}, 
	title={MPI-based parallel FDTD investigation on the electromagnetic scattering from the two-layered rough surface with a large angle incidence}, 
	year={2009}, 
	pages={360-363}, 
	keywords={application program interfaces;computational electromagnetics;electromagnetic wave scattering;finite difference time-domain analysis;message passing;MPI-based parallel FDTD investigation;angle incidence;electromagnetic scattering;finite-difference equations;two-layered rough surface;uniaxial perfectly matched layer medium;electromagnetic scattering;finite-difference time-domain (FDTD);parallel algorithms;two-layered rough surface}, 
	doi={10.1049/cp.2009.1343}, 
	month={Nov},}

@conference{mpi3, 
	author={T. P. Stefanski and N. Chavannes and N. Kuster}, 
	booktitle={Electromagnetics in Advanced Applications (ICEAA), 2011 International Conference on}, 
	title={Hybrid OpenCL-MPI parallelization of the FDTD method}, 
	year={2011}, 
	pages={1201-1204}, 
	keywords={computational electromagnetics;computer graphic equipment;coprocessors;finite difference time-domain analysis;message passing;parallel programming;shared memory systems;FDTD method;GPU;MPI communication;Open Computing Language;OpenCL portability;cluster acceleration;communication overhead;computational domain decomposition;electromagnetic field boundary data;electromagnetic simulation;finite-difference time-domain method;graphics processing units;hybrid OpenCL-MPI parallelization;message passing interface;multicore central processing units;rate-limiting step;shared memory computer clusters;Acceleration;Central Processing Unit;Computational modeling;Computers;Finite difference methods;Graphics processing unit;Time domain analysis}, 
	doi={10.1109/ICEAA.2011.6046521}, 
	month={Sept},}

@conference{mpi4, 
	author={Dan Yang and Cheng Liao and Lang Jen and Jie Xiong}, 
	booktitle={Parallel and Distributed Computing, Applications and Technologies, 2003. PDCAT'2003. Proceedings of the Fourth International Conference on}, 
	title={A parallel FDTD algorithm based on domain decomposition method using the MPI library}, 
	year={2003}, 
	pages={730-733}, 
	keywords={finite difference time-domain analysis;message passing;parallel algorithms;MPI;Message Passing Interface library;domain decomposition method;finite difference time domain method method;interpolation scheme;local mesh process;parallel algorithm;Concurrent computing;Distributed decision making;Electronic mail;Finite difference methods;Libraries;Maxwell equations;Message passing;Parallel algorithms;Parallel processing;Time domain analysis}, 
	doi={10.1109/PDCAT.2003.1236401}, 
	month={Aug},}

@conference{dgffdtd, 
	author={T. Dziubak and M. Wiktor and S. OrÅ‚owski and T. P. StefaÅ„ski}, 
	booktitle={2015 9th European Conference on Antennas and Propagation (EuCAP)}, 
	title={Acceleration of the DGF-FDTD method on GPU using the CUDA technology}, 
	year={2015}, 
	pages={1-5}, 
	keywords={Green's function methods;Yagi antenna arrays;finite difference time-domain analysis;graphics processing units;multiprocessing systems;parallel architectures;CPU-GPU system;CUDA technology;DGF-FDTD method;Yagi-Uda antenna arrays;compute unified device architecture;convolution formulation;discrete Greens function formulation;finite-difference time-domain method;graphics processing unit;multicore central processing unit;parallel computing platform;wire antennas;Antenna arrays;Computational modeling;Convolution;Finite difference methods;Graphics processing units;Time-domain analysis;CUDA technology;discrete Green's function (DGF);finite-difference time-domain (FDTD) method;parallel processing}, 
	ISSN={2164-3342}, 
	month={May},}